@article {MR1990571,
    AUTHOR = {Carter, J. Scott and Jelsovsky, Daniel and Kamada, Seiichi and
              Langford, Laurel and Saito, Masahico},
     TITLE = {Quandle cohomology and state-sum invariants of knotted curves
              and surfaces},
   JOURNAL = {Trans. Amer. Math. Soc.},
  FJOURNAL = {Transactions of the American Mathematical Society},
    VOLUME = {355},
      YEAR = {2003},
    NUMBER = {10},
     PAGES = {3947--3989},
      ISSN = {0002-9947},
     CODEN = {TAMTAM},
   MRCLASS = {57Q45 (57M27)},
  MRNUMBER = {1990571 (2005b:57048)},
       DOI = {10.1090/S0002-9947-03-03046-0},
       URL = {http://dx.doi.org/10.1090/S0002-9947-03-03046-0},
}


    Home
    Preferences
    Help
    Support Mail
    Terms of Use
    University of Buenos Aires Mobile Access 90

@article{MR1994219,
    AUTHOR = {Andruskiewitsch, Nicol{\'a}s and Gra{\~n}a, Mat{\'{\i}}as},
     TITLE = {From racks to pointed {H}opf algebras},
   JOURNAL = {Adv. Math.},
  FJOURNAL = {Advances in Mathematics},
    VOLUME = {178},
      YEAR = {2003},
    NUMBER = {2},
     PAGES = {177--243},
      ISSN = {0001-8708},
     CODEN = {ADMTA4},
   MRCLASS = {16W30 (17B37 57M27)},
  MRNUMBER = {1994219 (2004i:16046)},
MRREVIEWER = {Ian M. Musson},
       DOI = {10.1016/S0001-8708(02)00071-3},
       URL = {http://dx.doi.org/10.1016/S0001-8708(02)00071-3},
}


@article {MR972070,
    AUTHOR = {Gordon, C. McA. and Luecke, J.},
     TITLE = {Knots are determined by their complements},
   JOURNAL = {Bull. Amer. Math. Soc. (N.S.)},
  FJOURNAL = {American Mathematical Society. Bulletin. New Series},
    VOLUME = {20},
      YEAR = {1989},
    NUMBER = {1},
     PAGES = {83--87},
      ISSN = {0273-0979},
     CODEN = {BAMOAD},
   MRCLASS = {57M25 (57M40)},
  MRNUMBER = {972070 (90a:57006b)},
MRREVIEWER = {Martin Scharlemann},
       DOI = {10.1090/S0273-0979-1989-15706-6},
       URL = {http://dx.doi.org/10.1090/S0273-0979-1989-15706-6},
}

@article {MR672410,
    AUTHOR = {Matveev, S. V.},
     TITLE = {Distributive groupoids in knot theory},
   JOURNAL = {Mat. Sb. (N.S.)},
  FJOURNAL = {Matematicheski\u\i\ Sbornik. Novaya Seriya},
    VOLUME = {119(161)},
      YEAR = {1982},
    NUMBER = {1},
     PAGES = {78--88, 160},
      ISSN = {0368-8666},
   MRCLASS = {57M25 (20L15)},
  MRNUMBER = {672410 (84e:57008)},
MRREVIEWER = {Jonathan A. Hillman},
}
@article {MR638121,
    AUTHOR = {Joyce, David},
     TITLE = {A classifying invariant of knots, the knot quandle},
   JOURNAL = {J. Pure Appl. Algebra},
  FJOURNAL = {Journal of Pure and Applied Algebra},
    VOLUME = {23},
      YEAR = {1982},
    NUMBER = {1},
     PAGES = {37--65},
      ISSN = {0022-4049},
     CODEN = {JPAAA},
   MRCLASS = {57M25 (20F29 20N05 53C35)},
  MRNUMBER = {638121 (83m:57007)},
MRREVIEWER = {Mark E. Kidwell},
       DOI = {10.1016/0022-4049(82)90077-9},
       URL = {http://dx.doi.org/10.1016/0022-4049(82)90077-9},
}

@book {MR1472978,
    AUTHOR = {Lickorish, W. B. Raymond},
     TITLE = {An introduction to knot theory},
    SERIES = {Graduate Texts in Mathematics},
    VOLUME = {175},
 PUBLISHER = {Springer-Verlag, New York},
      YEAR = {1997},
     PAGES = {x+201},
      ISBN = {0-387-98254-X},
   MRCLASS = {57M25 (57N10)},
  MRNUMBER = {1472978 (98f:57015)},
MRREVIEWER = {Darryl McCullough},
       DOI = {10.1007/978-1-4612-0691-0},
       URL = {http://dx.doi.org/10.1007/978-1-4612-0691-0},
}
@article {MR965210,
    AUTHOR = {Gordon, C. McA. and Luecke, J.},
     TITLE = {Knots are determined by their complements},
   JOURNAL = {J. Amer. Math. Soc.},
  FJOURNAL = {Journal of the American Mathematical Society},
    VOLUME = {2},
      YEAR = {1989},
    NUMBER = {2},
     PAGES = {371--415},
      ISSN = {0894-0347},
   MRCLASS = {57M25 (57M40)},
  MRNUMBER = {965210 (90a:57006a)},
MRREVIEWER = {Martin Scharlemann},
       DOI = {10.2307/1990979},
       URL = {http://dx.doi.org/10.2307/1990979},
}
@book {MR0445489,
    AUTHOR = {Crowell, Richard H. and Fox, Ralph H.},
     TITLE = {Introduction to knot theory},
      NOTE = {Reprint of the 1963 original,
              Graduate Texts in Mathematics, No. 57},
 PUBLISHER = {Springer-Verlag, New York-Heidelberg},
      YEAR = {1977},
     PAGES = {x+182},
   MRCLASS = {55A25},
  MRNUMBER = {0445489 (56 \#3829)},
}

@book{MR1277811,
    AUTHOR = {Rolfsen, Dale},
     TITLE = {Knots and links},
    SERIES = {Mathematics Lecture Series},
    VOLUME = {7},
      NOTE = {Corrected reprint of the 1976 original},
 PUBLISHER = {Publish or Perish, Inc., Houston, TX},
      YEAR = {1990},
     PAGES = {xiv+439},
      ISBN = {0-914098-16-0},
   MRCLASS = {57M25},
  MRNUMBER = {1277811 (95c:57018)},
}
@book{MR2079925,
    AUTHOR = {Adams, Colin C.},
     TITLE = {The knot book},
      NOTE = {An elementary introduction to the mathematical theory of knots,
              Revised reprint of the 1994 original},
 PUBLISHER = {American Mathematical Society, Providence, RI},
      YEAR = {2004},
     PAGES = {xiv+307},
      ISBN = {0-8218-3678-1},
   MRCLASS = {57M25 (57M15 57M50 57Q45)},
  MRNUMBER = {2079925 (2005b:57009)},
}
@article{MR2008876,
    AUTHOR = {Carter, J. Scott and Elhamdadi, Mohamed and Nikiforou, Marina
              Appiou and Saito, Masahico},
     TITLE = {Extensions of quandles and cocycle knot invariants},
   JOURNAL = {J. Knot Theory Ramifications},
  FJOURNAL = {Journal of Knot Theory and its Ramifications},
    VOLUME = {12},
      YEAR = {2003},
    NUMBER = {6},
     PAGES = {725--738},
      ISSN = {0218-2165},
   MRCLASS = {57M27 (57M25)},
  MRNUMBER = {2008876 (2004g:57020)},
MRREVIEWER = {Richard John Hadji},
       DOI = {10.1142/S0218216503002718},
       URL = {http://dx.doi.org/10.1142/S0218216503002718},
}
@book {MR3156509,
    AUTHOR = {Burde, Gerhard and Zieschang, Heiner and Heusener, Michael},
     TITLE = {Knots},
    SERIES = {De Gruyter Studies in Mathematics},
    VOLUME = {5},
   EDITION = {extended},
 PUBLISHER = {De Gruyter, Berlin},
      YEAR = {2014},
     PAGES = {xiv+417},
      ISBN = {978-3-11-027074-7; 978-3-11-027078-5},
   MRCLASS = {57-01 (57M25)},
  MRNUMBER = {3156509},
}
